[gd_scene load_steps=5 format=3 uid="uid://crgspfiodun1f"]

[ext_resource type="Texture2D" uid="uid://ceqtn8pvdrpga" path="res://Art/UI/vecteezy_underground-hole-cave-scene_6889233-ai(1).png" id="1_ya1e4"]
[ext_resource type="Script" path="res://Scripts/Canvas.gd" id="2_kcpai"]
[ext_resource type="Texture2D" uid="uid://cg2rayljwfit2" path="res://Art/UI/New Project.png" id="3_svx06"]

[sub_resource type="StyleBoxEmpty" id="StyleBoxEmpty_2bskv"]

[node name="MainMenu" type="Control"]
layout_mode = 3
anchors_preset = 15
anchor_right = 1.0
anchor_bottom = 1.0
grow_horizontal = 2
grow_vertical = 2

[node name="BackGround" type="TextureRect" parent="."]
layout_mode = 1
anchors_preset = 15
anchor_right = 1.0
anchor_bottom = 1.0
grow_horizontal = 2
grow_vertical = 2
texture = ExtResource("1_ya1e4")
expand_mode = 1

[node name="Credits" type="Label" parent="."]
layout_mode = 0
offset_left = 20.0
offset_top = 20.0
offset_right = 124.0
offset_bottom = 46.0
text = "William Sokol
Version 0.4"

[node name="CanvasLayer" type="CanvasLayer" parent="."]
script = ExtResource("2_kcpai")

[node name="Main" type="Control" parent="CanvasLayer"]
layout_mode = 3
anchors_preset = 15
anchor_right = 1.0
anchor_bottom = 1.0
offset_left = 32.0
offset_top = 21.0
offset_right = 32.0
offset_bottom = 21.0
grow_horizontal = 2
grow_vertical = 2

[node name="Label" type="Label" parent="CanvasLayer/Main"]
visible = false
layout_mode = 1
anchors_preset = 5
anchor_left = 0.5
anchor_right = 0.5
offset_left = -84.5
offset_top = 50.0
offset_right = 84.5
offset_bottom = 98.0
grow_horizontal = 2
size_flags_vertical = 3
theme_override_font_sizes/font_size = 50
text = "Dig Deeper"
horizontal_alignment = 1
vertical_alignment = 1

[node name="CenterContainer" type="CenterContainer" parent="CanvasLayer/Main"]
layout_mode = 1
anchors_preset = 2
anchor_top = 1.0
anchor_bottom = 1.0
offset_left = 50.0
offset_top = -356.0
offset_right = 562.0
offset_bottom = -100.0
grow_vertical = 0

[node name="PanelContainer" type="PanelContainer" parent="CanvasLayer/Main/CenterContainer"]
custom_minimum_size = Vector2(512, 256)
layout_mode = 2
theme_override_styles/panel = SubResource("StyleBoxEmpty_2bskv")

[node name="MarginContainer" type="MarginContainer" parent="CanvasLayer/Main/CenterContainer/PanelContainer"]
layout_mode = 2
theme_override_constants/margin_left = 16
theme_override_constants/margin_top = 16
theme_override_constants/margin_right = 16
theme_override_constants/margin_bottom = 16

[node name="VBoxContainer" type="VBoxContainer" parent="CanvasLayer/Main/CenterContainer/PanelContainer/MarginContainer"]
layout_mode = 2
theme_override_constants/separation = 8

[node name="ButtonPlay" type="Button" parent="CanvasLayer/Main/CenterContainer/PanelContainer/MarginContainer/VBoxContainer"]
layout_mode = 2
size_flags_vertical = 3
theme_override_font_sizes/font_size = 30
text = "Play"

[node name="ButtonSettings" type="Button" parent="CanvasLayer/Main/CenterContainer/PanelContainer/MarginContainer/VBoxContainer"]
layout_mode = 2
size_flags_vertical = 3
theme_override_font_sizes/font_size = 30
text = "Settings
"

[node name="ButtonQuit" type="Button" parent="CanvasLayer/Main/CenterContainer/PanelContainer/MarginContainer/VBoxContainer"]
layout_mode = 2
size_flags_vertical = 3
theme_override_font_sizes/font_size = 30
text = "Quit
"

[node name="Settings" type="Control" parent="CanvasLayer"]
visible = false
layout_mode = 3
anchors_preset = 15
anchor_right = 1.0
anchor_bottom = 1.0
grow_horizontal = 2
grow_vertical = 2

[node name="CenterContainer" type="CenterContainer" parent="CanvasLayer/Settings"]
layout_mode = 1
anchors_preset = 15
anchor_right = 1.0
anchor_bottom = 1.0
grow_horizontal = 2
grow_vertical = 2

[node name="PanelContainer" type="PanelContainer" parent="CanvasLayer/Settings/CenterContainer"]
custom_minimum_size = Vector2(512, 256)
layout_mode = 2

[node name="MarginContainer" type="MarginContainer" parent="CanvasLayer/Settings/CenterContainer/PanelContainer"]
layout_mode = 2
theme_override_constants/margin_left = 16
theme_override_constants/margin_top = 16
theme_override_constants/margin_right = 16
theme_override_constants/margin_bottom = 16

[node name="ScrollContainer" type="ScrollContainer" parent="CanvasLayer/Settings/CenterContainer/PanelContainer/MarginContainer"]
layout_mode = 2

[node name="VBoxContainer" type="VBoxContainer" parent="CanvasLayer/Settings/CenterContainer/PanelContainer/MarginContainer/ScrollContainer"]
layout_mode = 2
size_flags_horizontal = 3
theme_override_constants/separation = 8

[node name="Label" type="Label" parent="CanvasLayer/Settings/CenterContainer/PanelContainer/MarginContainer/ScrollContainer/VBoxContainer"]
layout_mode = 2
size_flags_vertical = 3
theme_override_font_sizes/font_size = 32
text = "Settings
"
horizontal_alignment = 1
vertical_alignment = 1

[node name="My Settings" type="Label" parent="CanvasLayer/Settings/CenterContainer/PanelContainer/MarginContainer/ScrollContainer/VBoxContainer"]
layout_mode = 2
size_flags_vertical = 3
theme_override_font_sizes/font_size = 20
text = "My Settings
"
horizontal_alignment = 1
vertical_alignment = 1

[node name="My Settings2" type="Label" parent="CanvasLayer/Settings/CenterContainer/PanelContainer/MarginContainer/ScrollContainer/VBoxContainer"]
layout_mode = 2
size_flags_vertical = 3
theme_override_font_sizes/font_size = 20
text = "My Settings
"
horizontal_alignment = 1
vertical_alignment = 1

[node name="My Settings3" type="Label" parent="CanvasLayer/Settings/CenterContainer/PanelContainer/MarginContainer/ScrollContainer/VBoxContainer"]
layout_mode = 2
size_flags_vertical = 3
theme_override_font_sizes/font_size = 20
text = "My Settings
"
horizontal_alignment = 1
vertical_alignment = 1

[node name="My Settings4" type="Label" parent="CanvasLayer/Settings/CenterContainer/PanelContainer/MarginContainer/ScrollContainer/VBoxContainer"]
layout_mode = 2
size_flags_vertical = 3
theme_override_font_sizes/font_size = 20
text = "My Settings
"
horizontal_alignment = 1
vertical_alignment = 1

[node name="My Settings5" type="Label" parent="CanvasLayer/Settings/CenterContainer/PanelContainer/MarginContainer/ScrollContainer/VBoxContainer"]
layout_mode = 2
size_flags_vertical = 3
theme_override_font_sizes/font_size = 20
text = "My Settings
"
horizontal_alignment = 1
vertical_alignment = 1

[node name="ButtonSettingsBack" type="Button" parent="CanvasLayer/Settings/CenterContainer/PanelContainer/MarginContainer/ScrollContainer/VBoxContainer"]
layout_mode = 2
size_flags_vertical = 3
text = "Quit
"

[node name="Title" type="Sprite2D" parent="."]
texture_filter = 2
position = Vector2(578, 143)
scale = Vector2(1.63036, 1.79724)
texture = ExtResource("3_svx06")

[connection signal="pressed" from="CanvasLayer/Main/CenterContainer/PanelContainer/MarginContainer/VBoxContainer/ButtonPlay" to="CanvasLayer" method="_on_button_play_pressed"]
[connection signal="pressed" from="CanvasLayer/Main/CenterContainer/PanelContainer/MarginContainer/VBoxContainer/ButtonSettings" to="CanvasLayer" method="_on_button_settings_pressed"]
[connection signal="pressed" from="CanvasLayer/Main/CenterContainer/PanelContainer/MarginContainer/VBoxContainer/ButtonQuit" to="CanvasLayer" method="_on_button_quit_pressed"]
[connection signal="pressed" from="CanvasLayer/Settings/CenterContainer/PanelContainer/MarginContainer/ScrollContainer/VBoxContainer/ButtonSettingsBack" to="CanvasLayer" method="_on_button_settings_back_pressed"]
